<?xml version="1.0" encoding="UTF-8"?><collection xmlns="http://www.loc.gov/MARC21/slim"><record><leader>00364nam--2200121-i-4500</leader><controlfield tag="001">000032823</controlfield><controlfield tag="002">20161230</controlfield><controlfield tag="005">20161230201039</controlfield><controlfield tag="008">060222s1000------------r-----000-0-eng-d</controlfield><datafield ind1=" " ind2=" " tag="100"><subfield code="a">Miehlich Albrecht</subfield></datafield><datafield ind1=" " ind2=" " tag="245"><subfield code="a">Die konzentratiionsabhangighkeit der lumineszenz von f-und f`-zentren in kc1</subfield></datafield><datafield ind1=" " ind2=" " tag="260"><subfield code="a">Stutgart, Technische Hochschule, 1963. /-168-190/P</subfield></datafield><datafield ind1=" " ind2=" " tag="852"><subfield code="a">9616</subfield></datafield></record></collection>